<record><leader>00000cas a22000007a 4500</leader><controlfield tag="001">16632305</controlfield><controlfield tag="008">870902d19041911ohuwr ne      0    0eng d</controlfield><datafield ind1=" " ind2=" " tag="010"><subfield code="a">sn 87076647 </subfield></datafield><datafield ind1=" " ind2=" " tag="040"><subfield code="a">ONP</subfield><subfield code="b">eng</subfield><subfield code="c">ONP</subfield><subfield code="d">OCLCQ</subfield></datafield><datafield ind1=" " ind2=" " tag="042"><subfield code="a">msc</subfield></datafield><datafield ind1="0" ind2="4" tag="245"><subfield code="a">The Republican-Jeffersonian.</subfield></datafield><datafield ind1=" " ind2=" " tag="260"><subfield code="a">Findlay, Ohio :</subfield><subfield code="b">Findlay Pub. Co.,</subfield><subfield code="c">1904-1911.</subfield></datafield><datafield ind1=" " ind2=" " tag="310"><subfield code="a">Weekly,</subfield><subfield code="b">Apr. 18, 1907-Apr. 20, 1911</subfield></datafield><datafield ind1=" " ind2=" " tag="321"><subfield code="a">Semiweekly,</subfield><subfield code="b">Mar. 1904-Apr. 12, 1907</subfield></datafield><datafield ind1="0" ind2=" " tag="362"><subfield code="a">Vol. 31, no. 55 (Mar. 4, 1904)-v. 4, no. 51 (Apr. 13, 1911).</subfield></datafield><datafield ind1=" " ind2=" " tag="752"><subfield code="a">United States</subfield><subfield code="b">Ohio</subfield><subfield code="c">Hancock</subfield><subfield code="d">Findlay.</subfield></datafield><datafield ind1="0" ind2=" " tag="775"><subfield code="t">Evening Jeffersonian</subfield><subfield code="w">(DLC)sn 87076651</subfield></datafield><datafield ind1="0" ind2="4" tag="780"><subfield code="t">Findlay Republican</subfield><subfield code="w">(DLC)sn 87076646</subfield></datafield><datafield ind1="0" ind2="4" tag="780"><subfield code="t">Weekly Jeffersonian (Findlay, Ohio : 1899)</subfield><subfield code="w">(DLC)sn 87076645</subfield></datafield><datafield ind1="0" ind2="0" tag="785"><subfield code="t">Weekly Jeffersonian (Findlay, Ohio : 1911)</subfield><subfield code="w">(DLC)sn 87076648</subfield></datafield></record>